@comment{ Bostock, M. G. (1998), Mantle stratigraphy and the evolution of the
           Slave province, J. Geophys. Res., 103, 21183-21200.  }
@article{bostock1998mantle,
 author = {Bostock, M. G."
 title = {Mantle stratigraphy and the evolution of the {Slave} province"
 journal = {J. Geophys. Res."
 volume = {103"
 pages = {21183--21200"
 year = 1998
}
 @comment{ Bostock, M. G. (1999), Seismic waves converted from velocity
           gradient anomalies in the Earth's upper mantle, Geophysical Journal
           International, 138, 747-756.  }
@book{bostock1999seismic,
 author = {Bostock, M. G."
 title = {Seismic waves converted from velocity gradient anomalies in the Earth's upper mantle"
 publisher = {138"
 pages = {747--756"
 year = 1999
}
 @comment{ Bostock, M. G., M. R. Kumar (2010), Bias in seismic estimates of
           crustal properties, J. Geophys. Int., 182, 403-407.  }
@article{bostock2010bias,
 author = {Bostock, M. G. and M. R. Kumar",
 title = {Bias in seismic estimates of crustal properties",
 journal = {J. Geophys. Int.",
 volume = {182",
 pages = {403--407",
 year = 2010
}
 @comment{ Burov, E. B., A. B. Watts (2006), The long-term strength of
           continental lithosphere:" jelly sandwich" or" cr�me br�l�e"?, GSA
           today, 16, 4.  }
@article{burov2006longterm,
 author = {Burov, E. B. and A. B. Watts",
 title = {The long-term strength of continental lithosphere:" jelly sandwich" or" cr�me br�l�e"?, {GSA} today",
 journal = {16",
 volume = {4.",
 year = 2006
}
 @comment{ Christensen, N. I. (1996), Poisson's ratio and crustal seismology,
           J. Geophys. Res., 101, 3139�3156.  }
@article{christensen1996poissons,
 author = {Christensen, N. I.",
 title = {Poisson's ratio and crustal seismology",
 journal = {J. Geophys. Res.",
 volume = {101",
 year = 1996
}
 @comment{ Christensen, N. I., W. D. Mooney (1995) Seismic velocity structure
           and composition of the continental crust: A global view, J.
           Geophys. Res., 100, 9761-9788.  }
@article{christensen1995seismic,
 author = "Christensen, N. I. and W. D. Mooney",
 title = {Seismic velocity structure and composition of the continental crust: {A} global view",
 journal = {J. Geophys. Res.",
 volume = {100",
 pages = {9761--9788",
 year = 1995
}
 @comment{ Clowes, R. M., F. Cook, Z. Hajnal, J. Hall, J. Lewry, S. Lucas, R.
           Wardle (1999), Canada's Lithoprobe Project (collaborative,
           multidisciplinary geoscience research leads to new understanding of
           continental evolution), Episodes, 22, 3-20.  }
@book{clowes1999canadas,
 author = {Clowes, R. M. and F. Cook and Z. Hajnal and J. Hall and J. Lewry and S. Lucas and R. Wardle",
 title = {Canada's {Lithoprobe} {Project} (collaborative, multidisciplinary geoscience research leads to new understanding of continental evolution), {Episodes}",
 publisher = {22",
 pages = {3--20",
 year = 1999
}
 @comment{ Clowes, R. M., C. A. Zelt, J. R. Amor, R. M. Ellis (1995),
           Lithospheric structure in the southern Canadian Cordillera from a
           network of seismic refraction lines, Can. J. Earth Sci., 32,
           1485-1513.  }
@article{clowes1995lithospheric,
 author = "Clowes, R. M. and C. A. Zelt and J. R. Amor and R. M. Ellis",
 title = "Lithospheric structure in the southern {Canadian} {Cordillera} from a network of seismic refraction lines",
 journal = "Can. J. Earth Sci.",
 volume = "32",
 pages = "1485--1513",
 year = 1995
}
 @comment{ Conrad, V. (1925), Laufzeitkurven des Tauernbebens vom 28. November
           1923, Mitt. Erdb. Komm. Wiener Akad. Wiss., 59, 1�23.  }
@article{conrad1923laufzeitkurven,
 author = "Conrad, V.",
 title = "Laufzeitkurven des {Tauernbebens} vom 28",
 journal = "November 1923, Mitt. Erdb. Komm. Wiener Akad. Wiss.",
 month = nov,
 volume = "59",
 year = 1923
}
 @comment{ Darbyshire, F. A., D. W. Eaton, A. W. Frederiksen, E. Leila (2006),
           New insights into the lithosphere beneath the Superior Province
           from Rayleigh wave dispersion and receiver function analysis, J.
           Geophys. Int., 169, 1043-1068.  }
@article{darbyshire2006new,
 author = "Darbyshire, F. A. and D. W. Eaton and A. W. Frederiksen and E. Leila",
 title = "New insights into the lithosphere beneath the {Superior} {Province} from {Rayleigh} wave dispersion and receiver function analysis",
 journal = "J. Geophys. Int.",
 volume = "169",
 pages = "1043--1068",
 year = 2006
}
 @comment{ Deichmann, N. (1992), Structural and rheological implications of
           lower-crustal earthquakes below northern Switzerland, Physics of
           the earth and planetary interiors, 69, 270-280.  }
@book{deichmann1992structural,
 author = "Deichmann, N.",
 title = "Structural and rheological implications of lower-crustal earthquakes below northern {Switzerland}, {Physics} of the earth and planetary interiors",
 publisher = "69",
 pages = "270--280",
 year = 1992
}
 @comment{ Durrheim, R. J., W. D. Mooney (1991), Archean and Proterozoic
           crustal evolution, Geology, 19, 606-609.  }
@book{durrheim1991archean,
 author = "Durrheim, R. J. and W. D. Mooney",
 title = "Archean and {Proterozoic} crustal evolution, {Geology}",
 publisher = "19",
 pages = "606--609",
 year = 1991
}
 @comment{ Eaton, D. W., S. Dineva, R. Mereu (2005), Crustal thickness and
           Vp/Vs variations in the Grenville orogen (Ontario, Canada) from
           analysis of teleseismic receiver functions, Tectonophysics, 420,
           223-238.  }
@book{eaton2005crustal,
 author = "Eaton, D. W. and S. Dineva and R. Mereu",
 title = "Crustal thickness and {Vp}/Vs variations in the {Grenville} orogen ({Ontario}, {Canada}) from analysis of teleseismic receiver functions, {Tectonophysics}",
 publisher = "420",
 pages = "223--238",
 year = 2005
}
 @comment{ Efron, B., R. Tibshirani (1986), Bootstrap methods for standard
           errors, confidence intervals, and other measures of statistical
           accuracy, Statistical Science, 1, 54-75.  }
@book{efron1986bootstrap,
 author = "Efron, B. and R. Tibshirani",
 title = "Bootstrap methods for standard errors, confidence intervals, and other measures of statistical accuracy, {Statistical} {Science}",
 publisher = "1",
 pages = "54--75",
 year = 1986
}
 @comment{ Golub, G. H., M. Heath, G. Wahba (1979), Generalized
           cross-validation as a method for choosing a good ridge parameter,
           Technometrics, 21, 215-223.  }
@book{golub1979generalized,
 author = "Golub, G. H. and M. Heath and G. Wahba",
 title = "Generalized cross-validation as a method for choosing a good ridge parameter, {Technometrics}",
 publisher = "21",
 pages = "215--223",
 year = 1979
}
 @comment{ Hammer, P. T., R. M. Clowes, F. A. Cook, A. J. van der Velden, K.
           Vasudevan (2010), The Lithoprobe trans-continental lithospheric
           cross sections: imaging the internal structure of the North
           American continent, Canadian Journal of Earth Sciences, 47,
           821-857.  }
@book{hammer2010lithoprobe,
 author = "Hammer, P. T. and R. M. Clowes and F. A. Cook and A. J. van der Velden and K. Vasudevan",
 title = "The {Lithoprobe} trans-continental lithospheric cross sections: imaging the internal structure of the {North} {American} continent, {Canadian} {Journal} of {Earth} {Sciences}",
 publisher = "47",
 pages = "821--857",
 year = 2010
}
 @comment{ Hammer, P. T., R. M. Clowes (2011), The big picture: a lithospheric
           cross section of the North American continent, GSA Today, 21, 4-9.  }
@book{hammer2011big,
 author = "Hammer, P. T. and R. M. Clowes",
 title = "The big picture: a lithospheric cross section of the {North} {American} continent, {GSA} {Today}",
 publisher = "21",
 pages = "4--9",
 year = 2011
}
 @comment{ Handy, M. R., J. P. Brun (2004), Seismicity, structure and strength
           of the continental lithosphere, Earth and Planetary Science
           Letters, 223, 427-441.  }
@book{handy2004seismicity,
 author = "Handy, M. R. and J. P. Brun",
 title = "Seismicity, structure and strength of the continental lithosphere, {Earth} and {Planetary} {Science} {Letters}",
 publisher = "223",
 pages = "427--441",
 year = 2004
}
 @comment{ Hoffman, P. F. (1998), United plates of America, the birth of a
           craton: Early Proterozoic Assembly and Growth of Laurentia, Ann.
           Rev. Earth Planet, 16, 543-603.  }
@article{hoffman1998united,
 author = "Hoffman, P. F.",
 title = "United plates of {America}, the birth of a craton: {Early} {Proterozoic} {Assembly} and {Growth} of {Laurentia}",
 journal = "Ann. Rev. Earth Planet",
 volume = "16",
 pages = "543--603",
 year = 1998
}
 @comment{ Ito, K. (1999), Seismogenic layer, reflective lower crust, surface
           heat flow and large inland earthquakes, Tectonophysics, 306,
           423-433.  }
@book{ito1999seismogenic,
 author = "Ito, K.",
 title = "Seismogenic layer, reflective lower crust, surface heat flow and large inland earthquakes, {Tectonophysics}",
 publisher = "306",
 pages = "423--433",
 year = 1999
}
 @comment{ Jackson, J. (2002), Strength of the continental lithosphere: Time
           to abandon the jelly sandwich?, GSA today, 12, 4-9.  }
@book{jackson2002strength,
 author = "Jackson, J.",
 title = "Strength of the continental lithosphere: {Time} to abandon the jelly sandwich?, {GSA} today",
 publisher = "12",
 pages = "4--9",
 year = 2002
}
 @comment{ Jeffreys, H. (1926), On compressional waves in two superposed
           layers, Proc. Cambridge Philos. Soc., 23, 472�481.  }
@article{jeffreys1926oncompressional,
 author = "Jeffreys, H.",
 title = "On compressional waves in two superposed layers",
 journal = "Proc. Cambridge Philos. Soc.",
 volume = "23",
 year = 1926
}
 @comment{ Kennet, B. L. N. (1991), The removal of free surface interactions
           from three-component seismograms, J. Geophys. Int., 104, 153-163.  }
@article{kennet1991removal,
 author = "Kennet, B. L. N.",
 title = "The removal of free surface interactions from three-component seismograms",
 journal = "J. Geophys. Int.",
 volume = "104",
 pages = "153--163",
 year = 1991
}
 @comment{ Kusky, T. M. (1989), Accretion of the Archean Slave province
           Geology, 17, 63-67.  }
@book{kusky1989accretion,
 author = "Kusky, T. M.",
 title = "Accretion of the {Archean} {Slave} province {Geology}",
 publisher = "17",
 pages = "63--67",
 year = 1989
}
 @comment{ Langston, C. A. (1979), Structure under Mount Rainier, Washington,
           inferred from teleseismic body waves, J. Geophys. Res., 84(B9),
           4749�4762, doi:10.1029/JB084iB09p04749.  }
@book{langston1979structure,
 author = "Langston, C. A.",
 title = "Structure under {Mount} {Rainier}, {Washington}, inferred from teleseismic body waves",
 publisher = "J. Geophys",
 address = "Res., 84(B9), 4749�4762, doi",
 publisher = "10. 1029/JB084iB09p04749",
 year = 1979
}
 @comment{ Laske, G., G. Masters, Z. Ma, M. Pasyanos (2013), Update on
           CRUST1.0 - A 1-degree Global Model of Earth's Crust, Geophys. Res.
           Abstracts, 15, Abstract EGU2013-2658.  }
@article{laske2013update,
 author = "Laske, G. and G. Masters and Z. Ma and M. Pasyanos",
 title = "Update on {CRUST}1",
 journal = "0 - A 1-degree Global Model of Earth's Crust, Geophys. Res. Abstracts",
 volume = "15",
 year = 2013
}
 @comment{ Litak, R. K., L. D. Brown (1989), A modern perspective on the
           Conrad discontinuity, Eos, 70, 713-725.  }
@book{litak1989modern,
 author = "Litak, R. K. and L. D. Brown",
 title = "A modern perspective on the {Conrad} discontinuity, {Eos}",
 publisher = "70",
 pages = "713--725",
 year = 1989
}
 @comment{ Mayer, G., P. M. Mai, T. Plenefisch, H. Echtler, E. L�schen, V.
           Wehrle, B. M�ller, K-P. Bonjer, C. Prodehl, K. Fuchs (1997), The
           deep crust of the Southern Rhine Graben: reflectivity and
           seismicity as images of dynamic processes, Tectonophysics, 275,
           15-40.  }
@article{mayer1997bonjer,
 author = "Mayer, G. and P. M. Mai and T. Plenefisch and H. Echtler and E. L�schen and V. Wehrle and B. M�ller and K-P.",
 title = "Bonjer",
 journal = "C. {Prodehl}, {K}. {Fuchs} (1997), {The} deep crust of the {Southern} {Rhine} {Graben}: reflectivity and seismicity as images of dynamic processes, {Tectonophysics}",
 address = "The deep crust of the Southern Rhine Graben",
 publisher = "reflectivity and seismicity as images of dynamic processes",
 volume = "275",
 pages = "15--40",
 year = 1997
}
 @comment{ Meissner, R., (Ed.) (1986) {\it The Continental Crust: A
           Geophysical Approach}, 426, Academic, San Diego, Calif.  }
@book{meissner1986it,
 author = "Meissner, R. and (Ed.)",
 title = "{\it The Continental Crust: A Geophysical Approach}, 426, Academic, San Diego",
 publisher = "Calif",
 year = 1986
}
 @comment{ Meissner, R., W. Rabbel, H. Kern (2006), Seismic lamination and
           anisotropy of the lower continental crust, Tectonophysics, 416,
           81-99.  }
@book{meissner2006seismic,
 author = "Meissner, R. and W. Rabbel and H. Kern",
 title = "Seismic lamination and anisotropy of the lower continental crust, {Tectonophysics}",
 publisher = "416",
 pages = "81--99",
 year = 2006
}
 @comment{ Mereu, R. F., S. B. Ojo (1981), The scattering of seismic waves
           through a crust and upper mantle with random lateral and vertical
           inhomogeneities, Physics of the Earth and Planetary Interiors, 26,
           233-240.  }
@book{mereu1981scattering,
 author = "Mereu, R. F. and S. B. Ojo",
 title = "The scattering of seismic waves through a crust and upper mantle with random lateral and vertical inhomogeneities, {Physics} of the {Earth} and {Planetary} {Interiors}",
 publisher = "26",
 pages = "233--240",
 year = 1981
}
 @comment{ Mooney, W. D. (2012), Personal communication. Compiled GSC active
           source data for the Canada.  }
@book{mooney2012personal,
 author = "Mooney, W. D.",
 title = "Personal communication",
 publisher = "Compiled {GSC} active source data for the {Canada}",
 year = 2012
}
 @comment{ Mooney, W. D., T. M. Brocher (1987) Coincident seismic
           reflection/refraction studies of the continental lithosphere: A
           global review, Rev. Geophys., 25, 723 � 742.  }
@article{mooney1987coincident,
 author = "Mooney, W. D. and T. M. Brocher",
 title = "Coincident seismic reflection/refraction studies of the continental lithosphere: {A} global review",
 journal = "Rev. Geophys.",
 volume = "25",
 number = "723",
 year = 1987
}
 @comment{ Percival, J. A., Gordon F. W. (1994), The Kapuskasing uplift: a
           geological and geophysical synthesis, Canadian. J. of Earth
           Sciences, 31, 1256-1286.  }
@article{percival1994kapuskasing,
 author = "Percival, J. A. and Gordon F. W.",
 title = "The {Kapuskasing} uplift: a geological and geophysical synthesis",
 journal = "Canadian. J. of Earth Sciences",
 volume = "31",
 pages = "1256--1286",
 year = 1994
}
 @comment{ Perry, H. K. C., D. W. S. Eaton, A. M. Forte (2002), LITH5.0: a
           revised crustal model for Canada based on Lithoprobe results, J.
           Geophys. Int., 150, 285-294.  }
@article{perry2002lith5,
 author = "Perry, H. K. C. and D. W. S. Eaton and A. M. Forte",
 title = "LITH5",
 journal = "0: a revised crustal model for {Canada} based on {Lithoprobe} results, {J}. {Geophys}. {Int}.",
 volume = "",
 number = "150",
 pages = "285--294",
 year = 2002
}
 @comment{ Rudnick, R. L. (1995), Making Continental Crust, Nature, 378,
           571-578.  }
@book{rudnick1995making,
 author = "Rudnick, R. L.",
 title = "Making Continental Crust, Nature",
 publisher = "378",
 pages = "571--578",
 year = 1995
}
 @comment{ Rudnick, R. L., D. M. Fountain (1995), Nature and composition of
           the continental crust: A lower crustal perspective, Rev. Geophys.,
           33(3), 267�309, doi:10.1029/95RG01302.  }
@article{rudnick1995nature,
 author = "Rudnick, R. L. and D. M. Fountain",
 title = "Nature and composition of the continental crust: {A} lower crustal perspective",
 journal = "Rev. Geophys.",
 volume = "33",
 number = "3",
 address = "267�309, doi",
 publisher = "10. 1029/95RG01302",
 year = 1995
}
 @comment{ Rudnick, R. L., S. Gao (2003), Composition of the Continental
           Crust, Treatise on Geochem., 3, 1-64.  }
@book{rudnick2003composition,
 author = "Rudnick, R. L. and S. Gao",
 title = "Composition of the Continental Crust, Treatise on Geochem.",
 publisher = "3",
 pages = "1--64",
 year = 2003
}
 @comment{ Simpson, F. (1999), Stress and seismicity in the lower continental
           crust: A challenge to simple ductility and implications for
           electrical conductivity mechanisms. Surveys in Geophysics, 20,
           201-227.  }
@article{simpson1999stress,
 author = "Simpson, F.",
 title = "Stress and seismicity in the lower continental crust: {A} challenge to simple ductility and implications for electrical conductivity mechanisms",
 journal = "Surveys in Geophysics",
 volume = "20",
 pages = "201--227",
 year = 1999
}
 @comment{ Smithson, S. B. (1978) Modeling continental crust-structural and
           chemical constraints, Geophys. Res. Lett. 5(9), 749-775  }
@article{smithson1978modeling,
 author = "Smithson, S. B.",
 title = "Modeling continental crust-structural and chemical constraints",
 journal = "Geophys. Res. Lett. 5(9)",
 volume = "5",
 number = "9",
 pages = "749--775",
 year = 1978
}
 @comment{ Smithson, S. B., R. A. Johnson, Y. K. Wong (1981), Mean crustal
           velocity: a critical parameter for interpreting crustal structure
           and crustal growth, Earth and Planetary Science Letters, 53,
           323-332.  }
@book{smithson1981mean,
 author = "Smithson, S. B. and R. A. Johnson and Y. K. Wong",
 title = "Mean crustal velocity: a critical parameter for interpreting crustal structure and crustal growth, {Earth} and {Planetary} {Science} {Letters}",
 publisher = "53",
 pages = "323--332",
 year = 1981
}
 @comment{ Taylor, S. R. (1967), The origin and growth of continents,
           Tectonophysics, 4, 17�34.  }
@book{taylor1967origin,
 author = "Taylor, S. R.",
 title = "The origin and growth of continents, {Tectonophysics}",
 publisher = "4, 17�34",
 year = 1967
}
 @comment{ Taylor, S. R. (1977), Island arc models and the composition of the
           continental crust, in Island Arcs, Deep Sea Trenches and Back-Arc
           Basins, Maurice Ewing Ser., vol. 1, edited by M. Talwani and W. C.
           Pitman III, pp. 325�335, AGU, Washington, D. C.,
           doi:10.1029/ME001p0325.  }
@article{taylor1977island,
 author = "Taylor, S. R.",
 title = "Island arc models and the composition of the continental crust, in {Island} {Arcs}, {Deep} {Sea} {Trenches} and {Back}-{Arc} {Basins}, {Maurice} {Ewing} {Ser}.",
 volume = "1",
 address = "AGU, Washington, D. C., doi",
 publisher = "10. 1029/ME001p0325",
 pages = "325�335",
 year = 1977
}
 @comment{ Thompson, D. A., I. D. Bastow, G. Helffrich, J.-M. Kendall, J.
           Wookey, D. B. Snyder, D. W. Eaton (2010), Precambrian crustal
           evolution: Seismic constraints from the Canadian Shield, Earth and
           Planetary Science Letters, 297, 655�666.  }
@article{thompson2010kendall,
 author = "Thompson, D. A. and I. D. Bastow and G. Helffrich and J. -M.",
 title = "Kendall",
 journal = "J. {Wookey}, {D}. {B}. {Snyder}, {D}. {W}. {Eaton} (2010), {Precambrian} crustal evolution: {Seismic} constraints from the {Canadian} {Shield}, {Earth} and {Planetary} {Science} {Letters}",
 address = "Precambrian crustal evolution",
 publisher = "Seismic constraints from the Canadian Shield",
 volume = "297",
 year = 2010
}
 @comment{ Thurston, P. C., H. R. Williams, R. H. Sutcliffe, G. M. Scott
           (Eds.) (1991), Geology of Ontario, Ontario Geological Survey
           Special, 4.  }
@book{thurston1991geology,
 author = "Thurston, P. C. and H. R. Williams and R. H. Sutcliffe and G. M. Scott (Eds.)",
 title = "Geology of Ontario, Ontario Geological Survey Special",
 publisher = "4",
 year = 1991
}
 @comment{ Zhu, L., H. Kanamori (2000), Moho depth variation in Southern
           California from teleseismic receiver functions, J. Geophys. Res.,
           105, 2969-2980.  }
@article{zhu2000moho,
 author = "Zhu, L. and H. Kanamori",
 title = "Moho depth variation in {Southern} {California} from teleseismic receiver functions",
 journal = "J. Geophys. Res.",
 volume = "105",
 pages = "2969--2980",
 year = 2000
}
 @comment{ Zandt, G., C. J. Ammon (1995), Continental crust composition
           constrained by measurements of crustal Poisson's ratio, Nature,
           374, 152-154. }
@book{zandt1995continental,
 author = "Zandt, G. and C. J. Ammon",
 title = "Continental crust composition constrained by measurements of crustal {Poisson}'s ratio, {Nature}",
 publisher = "374",
 pages = "152--154",
 year = 1995
}

\bibliographystyle{plainnat}
